@article{chaves:scheduling_software_requirements, 
author={Chaves, C.G. and Batista, D.M. and da Fonseca, N.L.S.}, 
journal={Latin America Transactions, IEEE (Revista IEEE America Latina)}, 
title={Scheduling Grid Applications with Software Requirements}, 
year={2011}, 
volume={9}, 
number={4}, 
pages={578-585}, 
keywords={grid computing;integer programming;linear programming;processor scheduling;resource allocation;virtual machines;virtualisation;grid resources;integer linear programming;resource allocation;software requirements;task scheduling;virtual machines;virtualization;IP networks;Internet;Middleware;Processor scheduling;Schedules;Software;Virtual machining;Grid Computing;Scheduling;Virtualization}, 
doi={10.1109/TLA.2011.5993746}, 
ISSN={1548-0992},}

@book{patterson:computer_organization,
  title={Computer Organization and Design: The Hardware/software Interface},
  author={Patterson, D.A. and Hennessy, J.L.},
  isbn={9780123747501},
  lccn={2011029199},
  series={Morgan Kaufmann Series in Computer Graphics},
  url={http://books.google.com.br/books?id=DMxe9AI4-9gC},
  year={2012},
  publisher={Morgan Kaufmann}
}

@article{calheiros:cloudsim,
 author = {Calheiros, Rodrigo N. and Ranjan, Rajiv and Beloglazov, Anton and De Rose, C\&\#x00e9;sar A. F. and Buyya, Rajkumar},
 title = {CloudSim: a toolkit for modeling and simulation of cloud computing environments and evaluation of resource provisioning algorithms},
 journal = {Softw. Pract. Exper.},
 issue_date = {January 2011},
 volume = {41},
 number = {1},
 month = jan,
 year = {2011},
 issn = {0038-0644},
 pages = {23--50},
 numpages = {28},
 url = {http://dx.doi.org/10.1002/spe.995},
 doi = {10.1002/spe.995},
 acmid = {1951450},
 publisher = {John Wiley \& Sons, Inc.},
 address = {New York, NY, USA},
 keywords = {Cloud computing, application scheduling, modelling and simulation, performance evaluation, resource management},
} 

@article{barroso:case_energy_proportional, 
author={Barroso, L.A. and Holzle, U.}, 
journal={Computer}, 
title={The Case for Energy-Proportional Computing}, 
year={2007}, 
volume={40}, 
number={12}, 
pages={33-37}, 
keywords={disc storage;file servers;laptop computers;power aware computing;disk subsystem;energy usage profile;energy-proportional computing;energy-proportional design;laptop computer;memory subsystem;server energy saving;Computer crashes;Computer networks;Databases;Embedded computing;High performance computing;Large-scale systems;Network servers;Voltage;Web and internet services;Web server;energy-proportional computing;green computing}, 
doi={10.1109/MC.2007.443}, 
ISSN={0018-9162},}

@inproceedings{batista:embedding_software_requirements, 
author={Batista, D.M. and Chaves, C.G. and da Fonseca, N.L.S.}, 
booktitle={Communications (ICC), 2011 IEEE International Conference on}, 
title={Embedding Software Requirements in Grid Scheduling}, 
year={2011}, 
pages={1-6}, 
keywords={directed graphs;formal specification;grid computing;scheduling;cloud application;combinatorial problem;data transfer;directed acyclic graph;grid application;grid scheduling;software requirement embedding;Aggregates;Bandwidth;IEEE Communications Society;Schedules;Silicon;Software;Software algorithms}, 
doi={10.1109/icc.2011.5962664}, 
ISSN={1550-3607},}
